@article{pierson,
    author = "Pierson, W.",
    title = "Perturbation analysis of the Navier-Stokes equations in Lagrangian
    form with selected linear solutions",
    journal = "Geophys. Res.",
    volume = "67",
    number = "8",
    pages = "3151-3160",
    year  = "1962",
}
@manual{wavewatch3,
    title = {User manual and system documentation of WAVEWATCH III},
    date = {2016},
    language = {English},
    version = {Version 5.16},
    organization = {U. S. Department of CommerceNational Oceanic and Atmospheric Administration National Weather Service},
}
@manual{swan,
    title = {SWAN – user manual},
    date = {2006},
    language = {English},
    organization = {University of Technology},
    pages = {129},
}
@manual{wam4,
    title = {The WAM model cycle 4},
    author = {Gunter  and Hasselman, S. and  Jansen P.},
    date = {1992},
    language = {English},
    version = {Technical report No 4},
    organization = {University of Technology},
    pages = {101},

}

@article{slunyaev2006,
    title = "Nonlinear analysis and simulations of measured freak wave time
    series", 
    journal = "European Journal of Mechanics - B/Fluids", 
    volume = "25", 
    number = "5", 
    pages = "621 - 635", 
    year = "2006", 
    note = "Rogue
    waves", 
    issn = "0997-7546", 
    doi = "https://doi.org/10.1016/j.euromechflu.2006.03.005", 
    url = "http://www.sciencedirect.com/science/article/pii/S0997754606000422",
    author = "Alexey Slunyaev", 
    keywords = "Freak waves, Surface wave analysis,
    Inverse scattering transform", 
    abstract = "The analysis of surface waves
    time series is performed to understand the nature of freak waves.
    Contributions of quasi-linear dispersive focusing effects and nonlinear
    self-modulation (Benjamin–Feir) effects are estimated with the help of
    kinematical description, nonlinear spectral analysis and numerical
    simulations. The nonlinear dynamics of an envelope soliton over a
    background wave is investigated and a possible extreme wave appearance is
    predicted."
}

@article{slunyaev2009,
    title = "Numerical simulation of “limiting” envelope solitons of gravity waves on deep water", 
    journal = "J. Exp. Theor. Phys", 
    volume = "109", 
    pages = "676", 
    year = "2009", 
    note = "Rogue
    waves", 
    doi = "https://doi.org/10.1134/S1063776109100148", 
    author = "Alexey Slunyaev", 
}

@article{west1987,
    author = {West, Bruce J. and Brueckner, Keith A. and Janda, Ralph S. and Milder, D. Michael and Milton, Robert L.},
    title = {A new numerical method for surface hydrodynamics},
    journal = {Journal of Geophysical Research: Oceans},
    volume = {92},
    number = {C11},
    pages = {11803-11824},
    doi = {https://doi.org/10.1029/JC092iC11p11803},
    url = {https://agupubs.onlinelibrary.wiley.com/doi/abs/10.1029/JC092iC11p11803},
    eprint = {https://agupubs.onlinelibrary.wiley.com/doi/pdf/10.1029/JC092iC11p11803},
    abstract = {We present a new numerical method for studying the evolution of free and bound waves on the nonlinear ocean surface. The technique, based on a representation due to Watson and West (1975), uses a slope expansion of the velocity potential at the free surface and not an expansion about a reference surface. The numerical scheme is applied to a number of wave and wave train configurations including longwave-shortwave interactions and the three-dimensional instability of waves with finite slope. The results are consistent with those obtained in other studies. One strength of the technique is that it can be applied to a variety of wave train and spectral configurations without modifying the code.},
    year = {1987}
}

Slunyaev, A.V. Numerical simulation of “limiting” envelope solitons of gravity waves on deep water. J. Exp. Theor. Phys. 109, 676 (2009). https://doi.org/10.1134/S1063776109100148

9 SLUNYAEV, A. V. 2009 Numerical simulation of ‘limiting’ envelope solitons of gravity waves on deep water. J. Expl Theor. Phys. 109, 676–686.
10. WEST, B. J., BRUECKNER, K. A., JANDA, R. S., MILDER, D. M. & MILTON, R. L. 1987 A new numerical method for surface hydrodynamics. J. Geophys. Res. 92, 11803–11824.

inbook{karaev,
  author     = "Караев, {\CYRK}. and Каневский, {\CYRM}.",
  title      = "Численное моделирование поверхностного волнения и дистанционное
  зондирование",
  number     = "552",
  booktitle  = "Препринт",
  year       = "2000",
  publisher  = "ИПФ РАН",
  address    = "Нижний Новгород",
  language   = {russian},
}

@book{shuleykin,
  author    = "Шулекин, В.В.",
  title     = "Физика моря",
  pages     = "",
  publisher = "Наука",
  address   = "Москва",
  year      = "1962",
  isbn      = "978-5-9710-6208-0",
  language  = {russian},
}

@book{longe-higgins,
  author    = "Лонге-Хигггинс, М. С.",
  title     = "Статиcтический анализ случайно движущейся поверхности",
  pages     = "112-230",
  publisher = "Иностранная литература",
  address   = "Москва",
  year      = "1962",
  language   = {russian},
}
@article{toporkov:brown:2000,
    author  = "Toporkov, J. and Brown, G.",
    title   = "Numerical simulations of scattering from time-varying, randomly
    rough surfaces",
    journal = "IEEE Transactions on Geoscience and Remote Sensing",
    volume  = "38",
    number  = "4",
    pages   = "1616-1625",
    year    = "2000",
    doi     = "10.1109/36.851961",
}

@article{toporkov:brown:2002,
    author  = "Toporkov, J. and Brown, G.",
    title   = "Numerical Study of the Extended Kirchhoff Approach and the
        Lowest Order Small Slope Approximation for Scattering From
        Ocean-Like Surfaces: Doppler Analysis",
    journal = "IEEE Transactions on Antennas and Propagation",
    volume  = "50",
    number  = "4",
    pages   = "417-425",
    year    = "2002",
    doi     = "10.1109/TAP.2002.1003376",
}

book{tihonov,
  author    = "{\CYRT}ихонов, {\CYRV}. {\CYRI}.",
  title     = "Статистическая радиотехника",
  pages     = "293",
  publisher = "Радио и связь",
  address   = "Москва",
  edition   = "2",
  year      = "1982",
  language   = {russian},
}
inbook{fu,
  booktitle = "Satellite altimetry and earth sciences",
  author    = "Fu, Lee-Lueng and Cazenave, Anby",
  pages     = "463",
  publisher = "Academic Press",
  title = "A handbook of techniques and applications",
  year      = "2001",
}


@book{pustovoytenko,
    title     = "Оперативная океанография: современное состояние перспективы и
    проблемы спутниковой альтиметрии",
    author    = "Пустовойтенко, В. and  Запевалов, А.",
    year      = "2012",
    publisher = "Севастополь",
    pages     = "218",
}


@article{ryabkova,
    langid    = {en_US},
    author    = {Ryabkova, M. and Karaev, V. and Guo, J. and Titchenko, Yu.},
    title     = "{A Review of Wave Spectrum Models as Applied to the Problem of
              Radar Probing of the Sea Surface}",
    journal   = {Journal of Geophysical Research: Oceans},
    volume    = {124},
    number    = {10},
    pages     = {7104-7134},
    keywords  = {wave spectrum model, remote sensing, spectral density},
    year      = {2019},
}

misc{security,
    title = {Типовая инструкция по охране труда при работе на персональном
             компьютере},
    note = {ТОИ Р-45-084-01},
    year = {2001}
}

@article{nouguier,
author = {Nouguier, Frédéric and Guérin, C-A and Bertrand, Chapron},
year = {2009},
month = {09},
pages = {},
title = { "Choppy wave" model for nonlinear gravity waves},
volume = {114},
journal = {Journal of Geophysical Research ( JGR ) - Oceans (0148-0227) (American Geophysical Union), 2009-09 , Vol. 114 , N. C09012 , P. 1-16},
doi = {10.1029/2008JC004984},
language  = {english},
}


